@misc{Nomco,
author="",
title="The {NOMCO} project",
note="http://sskkii.gu.se/nomco/"
}

@misc{RavelWeb,
author="",
title="The Ravel data set",
note="http://ravel.humavips.eu"
}

@misc{TA2Web,
title="Brno Social Interaction Dataset",
note="http://medusa.fit.vutbr.cz/TA2/TA2/"
}

@Article{Ravel,
author = "Alameda-Pineda, Xavier and Sanchez-Riera, Jordi and Wienke, Johannes and Franc, Vojtech and Cech, Jan and
Kulkarni, Kaustubh and Deleforge, Antoine and Horaud, Radu P.",
title = "RAVEL: An Annotated Corpus for Training Robots with Audiovisual Abilities",
journal = "Journal on Multimodal User Interfaces",
year = "2012",
url = "http://perception.inrialpes.fr/Publications/2012/ASWFCKDH12"
}

@inproceedings{Navarreta,
author="C. Navarretta and E. Ahlsén and J. Allwood and K. Jokinen and P. Paggio",
title="Feedback in Nordic First-Encounters: a Comparative Study",
booktitle="Proceedings of LREC 2012",
month=May,
year=2012
}

@INPROCEEDINGS{Hadris12,
   author = {Michal Hradiš and Shahram Eivazi and Roman Bednařík},
   title = {Voice activity detection in video mediated communication
	from gaze},
   booktitle = {Proceedings of ETRA'12},
   year = {2012},
   location = {Santa Barbara, US},
   language = {english},
   url = {http://www.fit.vutbr.cz/research/view_pub.php?id=9861}
}

@inproceedings{Bednarik,
author="R. Bednarik and S. Eivazi and M. Hradis",
title="Gaze and Conversational Engagement in Multiparty Video Conversation: An annotation scheme and classification
Gaze",
booktitle="Proceedings of the 4th Workshop on Eye Gaze in Intelligent Human Machine Interaction, Article 10",
year=2012
}