@misc{PascalVOC,
title="{PASCAL} {V}isual {O}bject {C}lasses",
note="http://pascallin.ecs.soton.ac.uk/challenges/VOC/"
}

@misc{ActiveLearning,
title="Active {L}earning {C}hallenge",
note="http://www.causality.inf.ethz.ch/activelearning.php"
}

@misc{Speller,
title="Speller {C}hallenge",
note="http://research.microsoft.com/en-us/projects/spellerchallenge/"
}

@misc{Give,
title="{GIVE}",
note="http://www.give-challenge.org/research/"
}